@article{bourbaki1961algebre,
  title={Alg{\`e}bre commutative, Hermann},
  author={Bourbaki, N},
  journal={Paris, 1961--65},
  year={1961}
}
@article{grothendieck1960elements,
  title={{\'E}l{\'e}ments de G{\'e}om{\'e}trie alg{\'e}brique},
  author={Grothendieck, A and Dieudonn{\'e}, J},
  journal={Publications Math{\'e}matiques de l'Institut des Hautes {\'E}tudes Scientifiques},
  volume={4},
  number={1},
  pages={5--214},
  year={1960},
  publisher={Springer}
}
@book{northcott_1953, place={Cambridge}, title={Ideal Theory}, publisher={Cambridge University Press}, author={Northcott, D. G.}, year={1953}}
@book{zariski1960commutative,
  title={Commutative algebra I, II},
  author={Zariski, Oscar and Samuel, Pierre},
  volume={1},
  year={1958, 1960},
  journal={Higher Math., Van Nostrand, Princeton, NJ},
}